101 07100028814318340702108061411A094101BMO HARRIS NA          MIDWEST ELEVATOR CO., INC.
5200Midwest Elevator Co., Inc.                    1431834070PPDPAYROLL         210806   1071000288000001
622081000032     003541906000     0000107475               Matthew Kovarik         0071000280000001
622081000032     152319548417     0000109810               Kevin Kroesen           0071000280000002
622081000032     6900843451       0000142305               Craig Maupin            0071000280000003
622081000032     0232926          0000183099               William Bracht          0071000280000004
622081000032     4347952272       0000132735               John Knittel            0071000280000005
622081000032     7022327063       0000095655               Clay Lunsford           0071000280000006
622081000032     6117659          0000506340               Jack Bottila            0071000280000007
622081000032     02896285859      0000177320               Justin Mahaney          0071000280000008
622081000032     1145843          0000123811               Troy McCart             0071000280000009
622081000032     1242775          0000161054               Kevin Akers             0071000280000010
622081000032     4639752          0000164369               Zdravko Aleksic         0071000280000011
622081000032     4231137284       0000162524               Richard Anderson        0071000280000012
622081000032     4349196081       0000101274               Francis Klocke          0071000280000013
622081000032     4231619          0000152383               Jason Lebegue           0071000280000014
622081000032     928613181        0000395096               Brian Billings          0071000280000015
622081000032     64340939         0000000000               Robert Anderson-Tyner   0071000280000016
622081000032     63010095         0000163210               Rick Babor, Jr.         0071000280000017
622081000032     9005108201       0000195729               Brian Balentine         0071000280000018
622081000032     070736906        0000123341               Tom Kube                0071000280000019
622081000032     208002771        0000132884               Steve Lupo              0071000280000020
622081000032     063020098        0000172978               Richard, III Babor      0071000280000021
6270810009801393111          0003503392               Midwest Elevator Co., Inc.  0071000280000001
820000002200000000000000035033920000035033921431834070                         071000288000001
9000001000003000000220000000000000003503392000003503392                                       
9999999999999999999999999999999999999999999999999999999999999999999999999999999999999999999999
9999999999999999999999999999999999999999999999999999999999999999999999999999999999999999999999
9999999999999999999999999999999999999999999999999999999999999999999999999999999999999999999999
9999999999999999999999999999999999999999999999999999999999999999999999999999999999999999999999